ABNANL2A
940
ABNANL2A
:20:ABN AMRO BANK NV
:25:123456789
:28:13901/1
:60F:C120517EUR1945,64
:61:1209270927C0,01N944NONREF
:86:/TRTP/IDEAL/IBAN/NL73ANDL0123456789/BIC/ANDLNL20/NAME/NAAMXXX
 1/REMI/Dit zijn de omschrijvingsregels/EREF/INNDNL2U200001001348
24001/ORDP//ID/1234567890AQCDEFGHIJ1234567890KLMNO
:62F:C120518EUR1945,65