0000 01INGBNL2AXXXX00001 
0000 01INGBNL2AXXXX00001 
940 00 
:20:MPBZ 
:25:0654321789 
:28C:000 
:60F:C120810EUR68,20 
:61:120810C1,41NOV EV41411REP170112 
:86:0654321789 J. Janssen Factuurnr 123456 klantnr 00123 
:61:120810C1,56NOV EREF 
:86:0123456789 NL69INGB0123456789 INGBNL2A J. Janssen 
20120123456789 Factuurnr 123456 Klantnr 00123 
:61:120810D2,13NVZ NONREF 
:86:TOTAAL 1 VZ 4444444 
:61:120810D1,57NVZ PREF 
:86:VERZAMEL EUROBETALING M000000001111111 REMI TOTAAL 1 POSTEN 
:61:120810C1,44NIC NONREF 
:86:TOTAAL 1 IC 4444444 
:61:120810D1,54NIC EV54541REP180112 
:86:000754321 KN: EV54541REP180112 
EV54541REP180112T1630 ING BANK NV INZAKE WEB?AMSTERDAM 
:61:120810D1,14NIC MARF 
:86:0123456789 Europese Incasso doorlopend NL69INGB0123456789 INGBNL2A 
J. Jansen NL32ZZZ999999991234 MND-120123 20120501P01234785 CONTRIB 
UTIE MEI 2012 
:61:120810C939,60NAC NONREF 
:86:0675432198 J. JANSSEN AMSTERDAM KN:3300169406045025 
:62F:C120811EUR1005,83 
:64:C120811EUR1005,83 
:65:C120811EUR1005,83 
:65:C120811EUR1005,83 
:86:D000004C000004D6,38C944,01 
-XXX